@article{ccd,
  title     = {Accurate Bayesian phylogenetic point estimation using a tree distribution parameterized by clade probabilities},
  author    = {Berling, Lars and Klawitter, Jonathan and Bouckaert, Remco and Xie, Dong and Gavryushkin, Alex and Drummond, Alexei J},
  journal   = {PLOS Computational Biology},
  volume    = {21},
  number    = {2},
  pages     = {e1012789},
  year      = {2025},
  publisher = {Public Library of Science San Francisco, CA USA}
}
@article{treeflow,
  title   = {TreeFlow: probabilistic programming and automatic differentiation for phylogenetics},
  author  = {Swanepoel, Christiaan and Fourment, Mathieu and Ji, Xiang and Nasif, Hassan and Suchard, Marc A and Matsen IV, Frederick A and Drummond, Alexei},
  journal = {arXiv preprint arXiv:2211.05220},
  year    = {2022}
}
@article{beast2,
  title     = {BEAST 2: a software platform for Bayesian evolutionary analysis},
  author    = {Bouckaert, Remco and Heled, Joseph and K{\"u}hnert, Denise and Vaughan, Tim and Wu, Chieh-Hsi and Xie, Dong and Suchard, Marc A and Rambaut, Andrew and Drummond, Alexei J},
  journal   = {PLoS computational biology},
  volume    = {10},
  number    = {4},
  pages     = {e1003537},
  year      = {2014},
  publisher = {Public Library of Science San Francisco, USA}
}
@article{mrbayes,
  title     = {MrBayes 3.2: efficient Bayesian phylogenetic inference and model choice across a large model space},
  author    = {Ronquist, Fredrik and Teslenko, Maxim and Van Der Mark, Paul and Ayres, Daniel L and Darling, Aaron and H{\"o}hna, Sebastian and Larget, Bret and Liu, Liang and Suchard, Marc A and Huelsenbeck, John P},
  journal   = {Systematic biology},
  volume    = {61},
  number    = {3},
  pages     = {539--542},
  year      = {2012},
  publisher = {Oxford University Press}
}
@article{tracer,
  title     = {Posterior summarization in Bayesian phylogenetics using Tracer 1.7},
  author    = {Rambaut, Andrew and Drummond, Alexei J and Xie, Dong and Baele, Guy and Suchard, Marc A},
  journal   = {Systematic biology},
  volume    = {67},
  number    = {5},
  pages     = {901--904},
  year      = {2018},
  publisher = {Oxford University Press}
}
@article{bhv,
  title     = {Geometry of the space of phylogenetic trees},
  author    = {Billera, Louis J and Holmes, Susan P and Vogtmann, Karen},
  journal   = {Advances in Applied Mathematics},
  volume    = {27},
  number    = {4},
  pages     = {733--767},
  year      = {2001},
  publisher = {Elsevier}
}
@article{rnnispace,
  title     = {The combinatorics of discrete time-trees: theory and open problems},
  author    = {Gavryushkin, Alex and Whidden, Chris and Matsen IV, Frederick A},
  journal   = {Journal of mathematical biology},
  volume    = {76},
  number    = {5},
  pages     = {1101--1121},
  year      = {2018},
  publisher = {Springer}
}
@article{tauspace,
  title     = {The space of ultrametric phylogenetic trees},
  author    = {Gavryushkin, Alex and Drummond, Alexei J},
  journal   = {Journal of theoretical biology},
  volume    = {403},
  pages     = {197--208},
  year      = {2016},
  publisher = {Elsevier}
}
@inproceedings{wald,
  title        = {Wald space for phylogenetic trees},
  author       = {Lueg, Jonas and Garba, Maryam K and Nye, Tom MW and Huckemann, Stephan F},
  booktitle    = {Geometric Science of Information: 5th International Conference, GSI 2021, Paris, France, July 21--23, 2021, Proceedings 5},
  pages        = {710--717},
  year         = {2021},
  organization = {Springer}
}
@article{tropical,
  title   = {Tropical geometry of phylogenetic tree space: a statistical perspective},
  author  = {Monod, Anthea and Lin, Bo and Yoshida, Ruriko and Kang, Qiwen},
  journal = {arXiv preprint arXiv:1805.12400},
  year    = {2018}
}
@article{densitree,
  title     = {DensiTree 2: Seeing trees through the forest},
  author    = {Bouckaert, Remco R and Heled, Joseph},
  journal   = {BioRxiv},
  pages     = {012401},
  year      = {2014},
  publisher = {Cold Spring Harbor Laboratory}
}
@article{hipstr,
  title     = {HIPSTR: highest independent posterior subtree reconstruction in TreeAnnotator X},
  author    = {Baele, Guy and Carvalho, Luiz M and Brusselmans, Marius and Dudas, Gytis and Ji, Xiang and McCrone, John T and Lemey, Philippe and Suchard, Marc A and Rambaut, Andrew},
  journal   = {bioRxiv},
  pages     = {2024--12},
  year      = {2024},
  publisher = {Cold Spring Harbor Laboratory}
}
@article{treesinforest,
  title     = {Looking for trees in the forest: summary tree from posterior samples},
  author    = {Heled, Joseph and Bouckaert, Remco R},
  journal   = {BMC evolutionary biology},
  volume    = {13},
  pages     = {1--11},
  year      = {2013},
  publisher = {Springer}
}
@article{rnni,
  title     = {Estimating the mean in the space of ranked phylogenetic trees},
  author    = {Berling, Lars and Collienne, Lena and Gavryushkin, Alex},
  journal   = {bioRxiv},
  pages     = {2023--05},
  year      = {2023},
  publisher = {Cold Spring Harbor Laboratory}
}
@inproceedings{sticky,
  title        = {Types of Stickiness in BHV Phylogenetic Tree Spaces and Their Degree},
  author       = {Lammers, Lars and Van, Do Tran and Nye, Tom MW and Huckemann, Stephan F},
  booktitle    = {International Conference on Geometric Science of Information},
  pages        = {357--365},
  year         = {2023},
  organization = {Springer}
}
@incollection{riemanngaussian,
  title     = {Gaussian distributions on Riemannian symmetric spaces of nonpositive curvature},
  author    = {Said, Salem and Mostajeran, Cyrus and Heuveline, Simon},
  booktitle = {Handbook of Statistics},
  volume    = {46},
  pages     = {357--400},
  year      = {2022},
  publisher = {Elsevier}
}
@article{informationcontent,
  title     = {Estimating Bayesian phylogenetic information content},
  author    = {Lewis, Paul O and Chen, Ming-Hui and Kuo, Lynn and Lewis, Louise A and Fu{\v{c}}{\'\i}kov{\'a}, Karolina and Neupane, Suman and Wang, Yu-Bo and Shi, Daoyuan},
  journal   = {Systematic biology},
  volume    = {65},
  number    = {6},
  pages     = {1009--1023},
  year      = {2016},
  publisher = {Oxford University Press}
}
@article{ccdlarget,
  title     = {The estimation of tree posterior probabilities using conditional clade probability distributions},
  author    = {Larget, Bret},
  journal   = {Systematic biology},
  volume    = {62},
  number    = {4},
  pages     = {501--511},
  year      = {2013},
  publisher = {Oxford University Press}
}
@inproceedings{subsplit,
  author    = {Zhang, Cheng and Matsen IV, Frederick A},
  booktitle = {Advances in Neural Information Processing Systems},
  editor    = {S. Bengio and H. Wallach and H. Larochelle and K. Grauman and N. Cesa-Bianchi and R. Garnett},
  pages     = {},
  publisher = {Curran Associates, Inc.},
  title     = {Generalizing Tree Probability Estimation via Bayesian Networks},
  url       = {https://proceedings.neurips.cc/paper_files/paper/2018/file/b137fdd1f79d56c7edf3365fea7520f2-Paper.pdf},
  volume    = {31},
  year      = {2018}
}
@article{subsplitnf,
  title   = {Improved variational Bayesian phylogenetic inference with normalizing flows},
  author  = {Zhang, Cheng},
  journal = {Advances in neural information processing systems},
  volume  = {33},
  pages   = {18760--18771},
  year    = {2020}
}
@article{subsplitbranchlengths,
  author  = {Cheng Zhang and Frederick A. Matsen IV},
  title   = {A Variational Approach to Bayesian Phylogenetic Inference},
  journal = {Journal of Machine Learning Research},
  year    = {2024},
  volume  = {25},
  number  = {145},
  pages   = {1--56},
  url     = {http://jmlr.org/papers/v25/22-0348.html}
}
@article{frechetmeanvar,
  title     = {Mean and variance of phylogenetic trees},
  author    = {Brown, Daniel G and Owen, Megan},
  journal   = {Systematic biology},
  volume    = {69},
  number    = {1},
  pages     = {139--154},
  year      = {2020},
  publisher = {Oxford University Press}
}
@misc{ccd0expansion,
  title  = {CCD0 revisited},
  author = {Berling, Lars and Ochsner, Tobia and Bouckaert, Remco and Drummond, Alexei J},
  year   = {2025},
  url    = {https://www.beast2.org/2025/02/25/CCD0-revisited.html}
}
@article{birthdeathdistribution,
  title     = {The distribution of branch lengths in phylogenetic trees},
  author    = {Paradis, Emmanuel},
  journal   = {Molecular phylogenetics and evolution},
  volume    = {94},
  pages     = {136--145},
  year      = {2016},
  publisher = {Elsevier}
}
@article{birthdeathdistributionstadler,
  title     = {Branch lengths on birth--death trees and the expected loss of phylogenetic diversity},
  author    = {Mooers, Arne and Gascuel, Olivier and Stadler, Tanja and Li, Heyang and Steel, Mike},
  journal   = {Systematic biology},
  volume    = {61},
  number    = {2},
  pages     = {195--203},
  year      = {2012},
  publisher = {Oxford University Press}
}
@misc{Distributions.jl,
  author = {Dahua Lin and
            John Myles White and
            Simon Byrne and
            Douglas Bates and
            Andreas Noack and
            John Pearson and
            Alex Arslan and
            Kevin Squire and
            David Anthoff and
            Theodore Papamarkou and
            Mathieu Besan√ßon and
            Jan Drugowitsch and
            Moritz Schauer and
            other contributors},
  title  = {{JuliaStats/Distributions.jl: a Julia package for probability distributions and associated functions}},
  month  = jul,
  year   = 2019,
  doi    = {10.5281/zenodo.2647458},
  url    = {https://doi.org/10.5281/zenodo.2647458}
}
@article{curse,
  title   = {The curse (s) of dimensionality},
  author  = {Altman, Naomi and Krzywinski, Martin},
  journal = {Nat Methods},
  volume  = {15},
  number  = {6},
  pages   = {399--400},
  year    = {2018}
}
@article{venditti2010phylogenies,
  title     = {Phylogenies reveal new interpretation of speciation and the Red Queen},
  author    = {Venditti, Chris and Meade, Andrew and Pagel, Mark},
  journal   = {Nature},
  volume    = {463},
  number    = {7279},
  pages     = {349--352},
  year      = {2010},
  publisher = {Nature Publishing Group UK London}
}
@article{linguaphylo,
  title     = {LinguaPhylo: a probabilistic model specification language for reproducible phylogenetic analyses},
  author    = {Drummond, Alexei J and Chen, Kylie and Mendes, F{\'a}bio K and Xie, Dong},
  journal   = {PLOS Computational Biology},
  volume    = {19},
  number    = {7},
  pages     = {e1011226},
  year      = {2023},
  publisher = {Public Library of Science San Francisco, CA USA}
}
@misc{dryad,
  author       = {},
  title        = {Dryad},
  howpublished = {\url{http://datadryad.org/}},
  year         = {},
  note         = {[Accessed 10-03-2025]}
}
@article{dimensionality,
  title     = {Robust analysis of phylogenetic tree space},
  author    = {Smith, Martin R},
  journal   = {Systematic Biology},
  volume    = {71},
  number    = {5},
  pages     = {1255--1270},
  year      = {2022},
  publisher = {Oxford University Press}
}
@misc{ccddata,
  title        = {Posterior tree sets for "Accurate Bayesian phylogenetic point estimation using a tree distribution parameterised by clade probabilities"},
  url          = {https://auckland.figshare.com/collections/BEAST2_trees_for_Accurate_Bayesian_phylogenetic_point_estimation_using_a_tree_distribution_parameterized_by_clade_probabilities_/7102354/3},
  doi          = {10.17608/k6.auckland.c.7102354.v3},
  abstractnote = {<p>The posterior trees using the Yule model (including 10, 20, 50, 100, 200, 400 taxa) and Serial Coalescent (40, 80, 160 and 320 taxa).¬†</p>
                  <p><br></p>
                  <p>In the dataset, each replicate consists of a distinct BEAST 2 XML file and the corresponding 'true' tree produced through simulation.¬†Each XML file will undergo two separate runs.</p>
                  <p><br></p>
                  <p>Each of Yule 10 and 20 includes a total of 250 simulations, resulting in 500 BEAST tree files for enhanced resolution.¬†All other analyses consist of 100 simulations each, generating 200 BEAST tree files.</p>
                  <p><br></p>
                  <h4>Citation:</h4>
                  <p>Lars Berling, Jonathan Klawitter, Remco Bouckaert, Dong Xie, Alex Gavryushkin, Alexei J. Drummond, 2024, "Accurate Bayesian phylogenetic point estimation using a tree distribution parameterized by clade probabilities", doi: <a href="https://doi.org/10.1101/2024.02.20.581316" target="_blank">https://doi.org/10.1101/2024.02.20.581316</a></p>
                  <p><br></p>},
  publisher    = {The University of Auckland},
  author       = {Berling, Lars and Klawitter, Jonathan and Bouckaert, Remco and Xie, Walter and Gavryushkin, Alex and Drummond, Alexei},
  year         = {2024},
  month        = {Mar}
}
@article{curseimplications,
  title   = {The curse of dimensionality: Inside out},
  author  = {Venkat, Naveen},
  journal = {Pilani (IN): Birla Institute of Technology and Science, Pilani, Department of Computer Science and Information Systems},
  volume  = {10},
  number  = {10.13140},
  year    = {2018}
}
@article{curse2,
  title     = {Dynamic programming},
  author    = {Bellman, Richard},
  journal   = {science},
  volume    = {153},
  number    = {3731},
  pages     = {34--37},
  year      = {1966},
  publisher = {American Association for the Advancement of Science}
}
@article{bayesianmodelvalidation,
  title     = {How to validate a Bayesian evolutionary model},
  author    = {Mendes, F{\'a}bio K and Bouckaert, Remco and Carvalho, Luiz M and Drummond, Alexei J},
  journal   = {Systematic Biology},
  volume    = {74},
  number    = {1},
  pages     = {158--175},
  year      = {2025},
  publisher = {Oxford University Press US}
}
@article{revbayes,
  title     = {RevBayes: Bayesian phylogenetic inference using graphical models and an interactive model-specification language},
  author    = {H{\"o}hna, Sebastian and Landis, Michael J and Heath, Tracy A and Boussau, Bastien and Lartillot, Nicolas and Moore, Brian R and Huelsenbeck, John P and Ronquist, Fredrik},
  journal   = {Systematic biology},
  volume    = {65},
  number    = {4},
  pages     = {726--736},
  year      = {2016},
  publisher = {Oxford University Press}
}
@book{steelsemple,
  title     = {Phylogenetics},
  author    = {Semple, Charles and Steel, Mike and others},
  volume    = {24},
  year      = {2003},
  publisher = {Oxford University Press on Demand}
}
@article{treeess,
  title     = {Estimating the effective sample size of tree topologies from Bayesian phylogenetic analyses},
  author    = {Lanfear, Robert and Hua, Xia and Warren, Dan L},
  journal   = {Genome biology and evolution},
  volume    = {8},
  number    = {8},
  pages     = {2319--2332},
  year      = {2016},
  publisher = {Oxford University Press}
}
@article{talts2018validating,
  title   = {Validating Bayesian inference algorithms with simulation-based calibration},
  author  = {Talts, Sean and Betancourt, Michael and Simpson, Daniel and Vehtari, Aki and Gelman, Andrew},
  journal = {arXiv preprint arXiv:1804.06788},
  year    = {2018}
}
@article{cook2006validation,
  title     = {Validation of software for Bayesian models using posterior quantiles},
  author    = {Cook, Samantha R and Gelman, Andrew and Rubin, Donald B},
  journal   = {Journal of Computational and Graphical Statistics},
  volume    = {15},
  number    = {3},
  pages     = {675--692},
  year      = {2006},
  publisher = {Taylor \& Francis}
}
@misc{tree_dataset,
  author = {Ochsner, Tobia},
  title  = {{Phylogenetic Posterior Tree Datasets}},
  year   = {2025},
  url    = {https://github.com/tochsner/phylogenetic-tree-posterior-datasets/tree/main}
}
@misc{juliapackage,
  author  = {Ochsner, Tobia},
  license = {AGPL-3.0},
  year    = {2025},
  title   = {{Tractable Time Tree Distributions}},
  url     = {https://github.com/tochsner/TractableTimeTreeDistributions}
}
@misc{treeannotator,
  title  = {TreeAnnotator v1. 7.0. Available as Part of the BEAST package},
  author = {Rambaut, A and Drummond, AJ},
  year   = {2013}
}
@article{vehtari2021rank,
  title={Rank-normalization, folding, and localization: An improved R for assessing convergence of MCMC (with discussion)},
  author={Vehtari, Aki and Gelman, Andrew and Simpson, Daniel and Carpenter, Bob and B√ºrkner, Paul-Christian},
  journal={Bayesian analysis},
  volume={16},
  number={2},
  pages={667--718},
  year={2021},
  publisher={International Society for Bayesian Analysis}
}
@article{cramarvonmises,
  title={On the composition of elementary errors},
  author={Cram√©r, Harald},
  journal={Skand. Aktuarietids},
  volume={11},
  pages={13--74},
  year={1928}
}
@article{normalizingflow,
  title={Normalizing flows for probabilistic modeling and inference},
  author={Papamakarios, George and Nalisnick, Eric and Rezende, Danilo Jimenez and Mohamed, Shakir and Lakshminarayanan, Balaji},
  journal={Journal of Machine Learning Research},
  volume={22},
  number={57},
  pages={1--64},
  year={2021}
}
@article{graphnn,
  title={A comprehensive survey on graph neural networks},
  author={Wu, Zonghan and Pan, Shirui and Chen, Fengwen and Long, Guodong and Zhang, Chengqi and Philip, S Yu},
  journal={IEEE transactions on neural networks and learning systems},
  volume={32},
  number={1},
  pages={4--24},
  year={2020},
  publisher={IEEE}
}
@article{artree,
  title={ARTree: A deep autoregressive model for phylogenetic inference},
  author={Xie, Tianyu and Zhang, Cheng},
  journal={Advances in Neural Information Processing Systems},
  volume={36},
  pages={14427--14444},
  year={2023}
}
@incollection{gaussianriemann,
  title={Gaussian distributions on Riemannian symmetric spaces of nonpositive curvature},
  author={Said, Salem and Mostajeran, Cyrus and Heuveline, Simon},
  booktitle={Handbook of Statistics},
  volume={46},
  pages={357--400},
  year={2022},
  publisher={Elsevier}
}
@article{cube,
  title={Variational Bayesian phylogenies through matrix representation of tree space},
  author={Bouckaert, Remco R},
  journal={PeerJ},
  volume={12},
  pages={e17276},
  year={2024},
  publisher={PeerJ Inc.}
}